<record><leader>00000cas a2200000 a 4500</leader><controlfield tag="001">19088058</controlfield><controlfield tag="008">890131d1854185utnuwr ne      0    0eng d</controlfield><datafield ind1=" " ind2=" " tag="010"><subfield code="a">sn 89058145 </subfield></datafield><datafield ind1=" " ind2=" " tag="040"><subfield code="a">KNP</subfield><subfield code="b">eng</subfield><subfield code="c">KNP</subfield><subfield code="d">TGN</subfield><subfield code="d">OCL</subfield><subfield code="d">TGN</subfield><subfield code="d">OCL</subfield><subfield code="d">OCLCQ</subfield><subfield code="d">OCLCF</subfield><subfield code="d">OCLCO</subfield></datafield><datafield ind1="1" ind2=" " tag="029"><subfield code="a">AU@</subfield><subfield code="b">000020545281</subfield></datafield><datafield ind1=" " ind2=" " tag="042"><subfield code="a">msc</subfield></datafield><datafield ind1=" " ind2=" " tag="043"><subfield code="a">n-us-tn</subfield></datafield><datafield ind1="0" ind2="0" tag="245"><subfield code="a">Kingston gazetteer.</subfield></datafield><datafield ind1=" " ind2=" " tag="260"><subfield code="a">Kingston, Tenn. :</subfield><subfield code="b">A.G.W. O'Brien,</subfield><subfield code="c">1854-</subfield></datafield><datafield ind1=" " ind2=" " tag="300"><subfield code="a">v. :</subfield><subfield code="b">ill.</subfield></datafield><datafield ind1=" " ind2=" " tag="310"><subfield code="a">Weekly</subfield></datafield><datafield ind1="0" ind2=" " tag="362"><subfield code="a">Vol. 1, no. 1 (Mar. 30, 1854)-</subfield></datafield><datafield ind1=" " ind2=" " tag="500"><subfield code="a">Publishers: A.G.W. O'Brien, 1854; A.G.W. O'Brien and M.L. Patterson, 1854; Patterson &amp; Bro., &lt;1855&gt;</subfield></datafield><datafield ind1=" " ind2=" " tag="500"><subfield code="a">Editors: N.A. Patterson &amp; J.A. Campbell, 1854; N.A. Patterson, 1854-&lt;1855&gt;</subfield></datafield><datafield ind1=" " ind2=" " tag="580"><subfield code="a">Merged with: Kingston eagle, to form: Kingston eagle &amp; gazetteer.</subfield></datafield><datafield ind1=" " ind2="0" tag="651"><subfield code="a">Kingston (Tenn.)</subfield><subfield code="v">Newspapers.</subfield></datafield><datafield ind1=" " ind2="0" tag="651"><subfield code="a">Roane County (Tenn.)</subfield><subfield code="v">Newspapers.</subfield></datafield><datafield ind1=" " ind2="7" tag="655"><subfield code="a">Newspapers.</subfield><subfield code="2">fast</subfield><subfield code="0">(OCoLC)fst01423814</subfield></datafield><datafield ind1=" " ind2="7" tag="651"><subfield code="a">Tennessee</subfield><subfield code="z">Kingston.</subfield><subfield code="2">fast</subfield><subfield code="0">(OCoLC)fst01228851</subfield></datafield><datafield ind1=" " ind2="7" tag="651"><subfield code="a">Tennessee</subfield><subfield code="z">Roane County.</subfield><subfield code="2">fast</subfield><subfield code="0">(OCoLC)fst01223283</subfield></datafield><datafield ind1=" " ind2=" " tag="752"><subfield code="a">United States</subfield><subfield code="b">Tennessee</subfield><subfield code="c">Roane</subfield><subfield code="d">Kingston.</subfield></datafield><datafield ind1="1" ind2="7" tag="785"><subfield code="t">Kingston eagle</subfield></datafield><datafield ind1="1" ind2="7" tag="785"><subfield code="t">Kingston eagle &amp; gazetteer</subfield><subfield code="w">(DLC)sn 86053427</subfield></datafield></record>